<?xml version="1.0" encoding="utf-8"?>
<record xmlns="http://www.loc.gov/MARC21/slim" xmlns:xsi="http://www.w3.org/2001/XMLSchema-instance" xsi:schemaLocation="http://www.loc.gov/MARC21/slim http://www.loc.gov/standards/marcxml/schema/MARC21slim.xsd">
	<leader>     nam a22     Mi 4500</leader>
	<controlfield tag="001">b12495967</controlfield>
	<controlfield tag="003">LeBAU</controlfield>
	<controlfield tag="006">m        d        </controlfield>
	<controlfield tag="007">cr cn |||m|||a</controlfield>
	<controlfield tag="008">180321s1928    ua ac   o     ||1 0 ara d</controlfield>
	<datafield ind1=" " ind2=" " tag="040">
		<subfield code="a">ZYU</subfield>
		<subfield code="b">ara</subfield>
		<subfield code="e">rda</subfield>
		<subfield code="c">ZYU</subfield>
	</datafield>
	<datafield ind1="0" ind2=" " tag="041">
		<subfield code="a">ara</subfield>
		<subfield code="a">eng</subfield>
	</datafield>
	<datafield ind1=" " ind2="4" tag="050">
		<subfield code="a">RE41</subfield>
		<subfield code="b">.H8 1928</subfield>
	</datafield>
	<datafield ind1="0" ind2="4" tag="082">
		<subfield code="a">612.84</subfield>
		<subfield code="2">22</subfield>
	</datafield>
	<datafield ind1="0" ind2=" " tag="100">
		<subfield code="6">880-01</subfield>
		<subfield code="a">Ḥunayn ibn Isḥāq al-ʻIbādī,</subfield>
		<subfield code="d">809?-873,</subfield>
		<subfield code="e">author.</subfield>
	</datafield>
	<datafield ind1="1" ind2="0" tag="245">
		<subfield code="6">880-02</subfield>
		<subfield code="a">Kitāb al-‘ashr maqālāt fī al-‘ayn al-mansūb li-Ḥunayn ibn Isḥāq (194-264 H.) :</subfield>
		<subfield code="b">aqdam kitāb fī ṭibb al-‘uyūn ullifah ‘alá al-ṭarīqah al-‘ilmīyah /</subfield>
		<subfield code="c">ṭubi‘a al-naṣṣ al-‘Arabī min al-nuskhatayn al-waḥīdatayn al-ma‘rūfatayn, wa-tarjamahu ilá al-Injlīzīyah ma‘a bayān sharḥ al-muṣṭalaḥāt wa-mu‘jam al-asmā’ al-ṭibbīyah al-Duktūr Maks Māyirhūf, ṭabīb al-‘uyūn bi-al-Qāhirah.</subfield>
	</datafield>
	<datafield ind1="3" ind2="0" tag="246">
		<subfield code="6">880-03</subfield>
		<subfield code="a">‘Ashr maqālāt fī al-‘ayn al-mansūb li-Ḥunayn ibn Isḥāq (194-264 H.)</subfield>
	</datafield>
	<datafield ind1="3" ind2="1" tag="246">
		<subfield code="6">880-04</subfield>
		<subfield code="a">Kitāb Ḥunayn ibn Isḥāq fī tarkīb al-‘ayn wa-‘ilalihā wa-‘ilājihā ‘alá ra’y Abuqrāṭ wa-Jālīnūs :</subfield>
		<subfield code="b">wa-hiya ‘ashr maqālāt</subfield>
	</datafield>
	<datafield ind1="3" ind2="3" tag="246">
		<subfield code="a">BOOK OF THE TEN TREATISES ON THE EYE ASCRIBED TO HUNAIN IBN IS-HÂQ  (809-877 A.D.) :</subfield>
		<subfield code="b">The earliest existing Systematic Text-book of Ophthalmology</subfield>
	</datafield>
	<datafield ind1="3" ind2="3" tag="246">
		<subfield code="6">880-05</subfield>
		<subfield code="a">Book of Hunain ibn Ishaq on the structure of the eye, its diseases and their treatment according to the conception of Hippocrates and Galen :</subfield>
		<subfield code="b">in ten treatises</subfield>
	</datafield>
	<datafield ind1=" " ind2="1" tag="264">
		<subfield code="6">880-06</subfield>
		<subfield code="a">al-Qāhirah :</subfield>
		<subfield code="b">al-Maṭba‘ah al-Amīrīyah,</subfield>
		<subfield code="c">1928.</subfield>
	</datafield>
	<datafield ind1=" " ind2=" " tag="300">
		<subfield code="6">880-07</subfield>
		<subfield code="a">online resource (222, 227, LIII, 4 unnumbered leaves of plates) :</subfield>
		<subfield code="b">illustrations</subfield>
	</datafield>
	<datafield ind1=" " ind2=" " tag="336">
		<subfield code="a">text</subfield>
		<subfield code="2">rdacontent</subfield>
	</datafield>
	<datafield ind1=" " ind2=" " tag="337">
		<subfield code="a">computer</subfield>
		<subfield code="2">rdamedia</subfield>
	</datafield>
	<datafield ind1=" " ind2=" " tag="338">
		<subfield code="a">online resource</subfield>
		<subfield code="2">rdacarrier</subfield>
	</datafield>
	<datafield ind1=" " ind2=" " tag="500">
		<subfield code="a">Part of the Arabic Collections Online (ACO) project, contributed by American University of Beirut's Jafet Memorial Library.</subfield>
	</datafield>
	<datafield ind1=" " ind2=" " tag="533">
		<subfield code="a">Electronic reproduction.</subfield>
		<subfield code="b">New York, N.Y. :</subfield>
		<subfield code="c">New York University,</subfield>
		<subfield code="d">2018.</subfield>
		<subfield code="5">NNU</subfield>
	</datafield>
	<datafield ind1=" " ind2="0" tag="650">
		<subfield code="6">880-08</subfield>
		<subfield code="a">Ophthalmology</subfield>
		<subfield code="v">Early works to 1800.</subfield>
	</datafield>
	<datafield ind1=" " ind2="0" tag="650">
		<subfield code="6">880-09</subfield>
		<subfield code="a">Eye</subfield>
		<subfield code="x">Diseases</subfield>
		<subfield code="v">Early works to 1800.</subfield>
	</datafield>
	<datafield ind1=" " ind2="0" tag="650">
		<subfield code="6">880-10</subfield>
		<subfield code="a">Medicine, Arab</subfield>
		<subfield code="v">Early works to 1800.</subfield>
	</datafield>
	<datafield ind1="1" ind2=" " tag="700">
		<subfield code="6">880-11</subfield>
		<subfield code="a">Meyerhof, Max,</subfield>
		<subfield code="d">1874-1945,</subfield>
		<subfield code="e">translator.</subfield>
	</datafield>
	<datafield ind1="1" ind2=" " tag="700">
		<subfield code="6">880-12</subfield>
		<subfield code="a">Meyerhof, Max,</subfield>
		<subfield code="d">1874-1945,</subfield>
		<subfield code="e">compiler.</subfield>
	</datafield>
	<datafield ind1="2" ind2=" " tag="710">
		<subfield code="a">Jafet Memorial Library.</subfield>
	</datafield>
	<datafield ind1="0" ind2=" " tag="730">
		<subfield code="a">Arabic Collections Online.</subfield>
	</datafield>
	<datafield ind1="0" ind2="8" tag="776">
		<subfield code="i">Print version:</subfield>
		<subfield code="a">Ḥunayn ibn Isḥāq al-ʻIbādī, 809?-873, author.</subfield>
		<subfield code="t">Kitāb al-‘ashr maqālāt fī al-‘ayn al-mansūb li-Ḥunayn ibn Isḥāq (194-264 H.)</subfield>
		<subfield code="w">(LeBAU)b12495967</subfield>
	</datafield>
	<datafield ind1="4" ind2="0" tag="856">
		<subfield code="u">http://hdl.handle.net/2333.1/rxwdbz9n</subfield>
	</datafield>
	<datafield ind1="0" ind2=" " tag="880">
		<subfield code="6">100-01</subfield>
		<subfield code="a">حنين بن اسحاق العبادي،</subfield>
		<subfield code="d">809؟-873،</subfield>
		<subfield code="e">مؤلف.</subfield>
		<subfield code="4">aut.</subfield>
	</datafield>
	<datafield ind1="1" ind2="0" tag="880">
		<subfield code="6">245-02</subfield>
		<subfield code="a">كتاب العشر مقالات في العين المنسوب لحنين بن إسحق (194-264 هـ.) :</subfield>
		<subfield code="b">أقدم كتاب في طب العيون ألف على الطريقة العلمية /</subfield>
		<subfield code="c">طبع النص العربي من النسختين الوحيدتين المعروفتين، وترجمه الى الإنجليزية مع بيان شرح المصطلحات ومعجم الأسماء الطبية الدكتور ماكس مايرهوف، طبيب العيون بالقاهرة. </subfield>
	</datafield>
	<datafield ind1="3" ind2="0" tag="880">
		<subfield code="6">246-03</subfield>
		<subfield code="a">عشر مقالات في العين المنسوب لحنين بن إسحق (194-264 هـ.)</subfield>
	</datafield>
	<datafield ind1="1" ind2=" " tag="880">
		<subfield code="6">246-04</subfield>
		<subfield code="a">كتاب حنين بن إسحق في تركيب العين وعللها وعلاجها على رأي ابقراط وجالينوس :</subfield>
		<subfield code="b">وهي عشر مقالات</subfield>
	</datafield>
	<datafield ind1="3" ind2="3" tag="880">
		<subfield code="6">246-05</subfield>
		<subfield code="a">كتاب حنين بن إسحق في تركيب العين وعللها وعلاجها على رأي ابقراط وجالينوس :</subfield>
		<subfield code="b">وهي عشر مقالات</subfield>
	</datafield>
	<datafield ind1=" " ind2="1" tag="880">
		<subfield code="6">264-06</subfield>
		<subfield code="a">القاهرة :</subfield>
		<subfield code="b">المطبعة الأميرية،</subfield>
		<subfield code="c">1928.</subfield>
	</datafield>
	<datafield ind1=" " ind2=" " tag="880">
		<subfield code="6">300-07</subfield>
		<subfield code="a">222، 227، LIII صفحة، 3 ورقات لوحات غير مرقمة :</subfield>
		<subfield code="b">مصورات ؛</subfield>
		<subfield code="c">25 سم</subfield>
	</datafield>
	<datafield ind1=" " ind2=" " tag="880">
		<subfield code="6">504-00</subfield>
		<subfield code="a">يتضمن مراجع ببليوغرافية وكشافات.</subfield>
	</datafield>
	<datafield ind1=" " ind2=" " tag="880">
		<subfield code="6">546-00</subfield>
		<subfield code="a">النص بالعربية والإنجليزية.</subfield>
	</datafield>
	<datafield ind1=" " ind2=" " tag="880">
		<subfield code="6">590-00</subfield>
		<subfield code="a">نسخة مكتبة يافث الأولى عبارة عن إعادة إصدار لطبعة المطبعة الأميرية، 1928.</subfield>
	</datafield>
	<datafield ind1=" " ind2="4" tag="880">
		<subfield code="6">650-08</subfield>
		<subfield code="a">طب العيون</subfield>
		<subfield code="v">اعمال قديمة حتى 1800.</subfield>
	</datafield>
	<datafield ind1=" " ind2="4" tag="880">
		<subfield code="6">650-09</subfield>
		<subfield code="a">العين</subfield>
		<subfield code="x">الأمراض</subfield>
		<subfield code="v">اعمال قديمة حتى 1800.</subfield>
	</datafield>
	<datafield ind1=" " ind2="4" tag="880">
		<subfield code="6">650-10</subfield>
		<subfield code="a">الطب العربي</subfield>
		<subfield code="v">اعمال قديمة حتى 1800.</subfield>
	</datafield>
	<datafield ind1="1" ind2=" " tag="880">
		<subfield code="6">700-11</subfield>
		<subfield code="a">مايرهوف، ماكس،</subfield>
		<subfield code="d">1874-1945،</subfield>
		<subfield code="e">مترجم.</subfield>
		<subfield code="4">trl</subfield>
	</datafield>
	<datafield ind1="1" ind2=" " tag="880">
		<subfield code="6">700-12</subfield>
		<subfield code="a">مايرهوف، ماكس،</subfield>
		<subfield code="d">1874-1945،</subfield>
		<subfield code="e">معد.</subfield>
		<subfield code="4">com.</subfield>
	</datafield>
	<datafield ind1=" " ind2=" " tag="959">
		<subfield code="a">NNU</subfield>
		<subfield code="b">WEB</subfield>
		<subfield code="c">GENI</subfield>
		<subfield code="t">0</subfield>
		<subfield code="m">Electronic access</subfield>
		<subfield code="s">01</subfield>
	</datafield>
	<datafield ind1=" " ind2=" " tag="999">
		<subfield code="i">LeBAU_b12495967</subfield>
		<subfield code="s">aub_aco001586</subfield>
		<subfield code="e">(ERROR-880)</subfield>
		<subfield code="s">aub_aco001586</subfield>
	</datafield>
</record>
